



@inproceedings{DBLP:conf/crypto/KocherJJ99,
  author    = {Paul C. Kocher and
               Joshua Jaffe and
               Benjamin Jun},
  title     = {Differential Power Analysis},
  booktitle = {Advances in Cryptology - {CRYPTO} '99, 19th Annual International Cryptology
               Conference, Santa Barbara, California, USA, August 15-19, 1999, Proceedings},
  pages     = {388--397},
  year      = {1999},
  crossref  = {DBLP:conf/crypto/1999},
  url       = {http://dx.doi.org/10.1007/3-540-48405-1_25},
  doi       = {10.1007/3-540-48405-1_25},
  timestamp = {Fri, 18 Sep 2009 12:20:27 +0200},
  biburl    = {http://dblp.uni-trier.de/rec/bib/conf/crypto/KocherJJ99},
  bibsource = {dblp computer science bibliography, http://dblp.org}
}

@proceedings{DBLP:conf/crypto/1999,
  editor    = {Michael J. Wiener},
  title     = {Advances in Cryptology - {CRYPTO} '99, 19th Annual International Cryptology
               Conference, Santa Barbara, California, USA, August 15-19, 1999, Proceedings},
  series    = {Lecture Notes in Computer Science},
  volume    = {1666},
  publisher = {Springer},
  year      = {1999},
  isbn      = {3-540-66347-9},
  timestamp = {Thu, 03 Jan 2002 11:55:47 +0100},
  biburl    = {http://dblp.uni-trier.de/rec/bib/conf/crypto/1999},
  bibsource = {dblp computer science bibliography, http://dblp.org}
}


@inproceedings{DBLP:conf/crypto/IshaiSW03,
  author    = {Yuval Ishai and
               Amit Sahai and
               David Wagner},
  title     = {Private Circuits: Securing Hardware against Probing Attacks},
  booktitle = {Advances in Cryptology - {CRYPTO} 2003, 23rd Annual International
               Cryptology Conference, Santa Barbara, California, USA, August 17-21,
               2003, Proceedings},
  pages     = {463--481},
  year      = {2003},
  crossref  = {DBLP:conf/crypto/2003},
  url       = {http://dx.doi.org/10.1007/978-3-540-45146-4_27},
  doi       = {10.1007/978-3-540-45146-4_27},
  timestamp = {Tue, 05 Jul 2011 11:03:56 +0200},
  biburl    = {http://dblp.uni-trier.de/rec/bib/conf/crypto/IshaiSW03},
  bibsource = {dblp computer science bibliography, http://dblp.org}
}
@proceedings{DBLP:conf/crypto/2003,
  editor    = {Dan Boneh},
  title     = {Advances in Cryptology - {CRYPTO} 2003, 23rd Annual International
               Cryptology Conference, Santa Barbara, California, USA, August 17-21,
               2003, Proceedings},
  series    = {Lecture Notes in Computer Science},
  volume    = {2729},
  publisher = {Springer},
  year      = {2003},
  isbn      = {3-540-40674-3},
  timestamp = {Wed, 07 Jan 2004 07:47:19 +0100},
  biburl    = {http://dblp.uni-trier.de/rec/bib/conf/crypto/2003},
  bibsource = {dblp computer science bibliography, http://dblp.org}
}

@article{DBLP:journals/iacr/CourtoisHM11,
  author    = {Nicolas Courtois and
               Daniel Hulme and
               Theodosis Mourouzis},
  title     = {Solving Circuit Optimisation Problems in Cryptography and Cryptanalysis},
  journal   = {{IACR} Cryptology ePrint Archive},
  volume    = {2011},
  pages     = {475},
  year      = {2011},
  url       = {http://eprint.iacr.org/2011/475},
  timestamp = {Fri, 13 Jan 2012 12:13:23 +0100},
  biburl    = {http://dblp.uni-trier.de/rec/bib/journals/iacr/CourtoisHM11},
  bibsource = {dblp computer science bibliography, http://dblp.org}
}

@inproceedings{DBLP:conf/ches/BogdanovKLPPRSV07,
  author    = {Andrey Bogdanov and
               Lars R. Knudsen and
               Gregor Leander and
               Christof Paar and
               Axel Poschmann and
               Matthew J. B. Robshaw and
               Yannick Seurin and
               C. Vikkelsoe},
  title     = {{PRESENT:} An Ultra-Lightweight Block Cipher},
  booktitle = {Cryptographic Hardware and Embedded Systems - {CHES} 2007, 9th International
               Workshop, Vienna, Austria, September 10-13, 2007, Proceedings},
  pages     = {450--466},
  year      = {2007},
  crossref  = {DBLP:conf/ches/2007},
  url       = {http://dx.doi.org/10.1007/978-3-540-74735-2_31},
  doi       = {10.1007/978-3-540-74735-2_31},
  timestamp = {Mon, 03 Sep 2007 11:01:54 +0200},
  biburl    = {http://dblp.uni-trier.de/rec/bib/conf/ches/BogdanovKLPPRSV07},
  bibsource = {dblp computer science bibliography, http://dblp.org}
}
@proceedings{DBLP:conf/ches/2007,
  editor    = {Pascal Paillier and
               Ingrid Verbauwhede},
  title     = {Cryptographic Hardware and Embedded Systems - {CHES} 2007, 9th International
               Workshop, Vienna, Austria, September 10-13, 2007, Proceedings},
  series    = {Lecture Notes in Computer Science},
  volume    = {4727},
  publisher = {Springer},
  year      = {2007},
  isbn      = {978-3-540-74734-5},
  timestamp = {Tue, 28 Aug 2007 14:51:52 +0200},
  biburl    = {http://dblp.uni-trier.de/rec/bib/conf/ches/2007},
  bibsource = {dblp computer science bibliography, http://dblp.org}
}

@inproceedings{DBLP:conf/asiacrypt/BorghoffCGKKKLNPRRTY12,
  author    = {Julia Borghoff and
               Anne Canteaut and
               Tim G{\"{u}}neysu and
               Elif Bilge Kavun and
               Miroslav Knezevic and
               Lars R. Knudsen and
     Gregor Leander and
               Ventzislav Nikov and
               Christof Paar and
               Christian Rechberger and
               Peter Rombouts and
               S{\o}ren S. Thomsen and
               Tolga Yal{\c{c}}in},
  title     = {{PRINCE} - {A} Low-Latency Block Cipher for Pervasive Computing Applications
               - Extended Abstract},
  booktitle = {Advances in Cryptology - {ASIACRYPT} 2012 - 18th International Conference
               on the Theory and Application of Cryptology and Information Security,
               Beijing, China, December 2-6, 2012. Proceedings},
  pages     = {208--225},
  year      = {2012},
  crossref  = {DBLP:conf/asiacrypt/2012},
  url       = {http://dx.doi.org/10.1007/978-3-642-34961-4_14},
  doi       = {10.1007/978-3-642-34961-4_14},
  timestamp = {Tue, 20 Nov 2012 14:23:13 +0100},
  biburl    = {http://dblp.uni-trier.de/rec/bib/conf/asiacrypt/BorghoffCGKKKLNPRRTY12},
  bibsource = {dblp computer science bibliography, http://dblp.org}
}
@proceedings{DBLP:conf/asiacrypt/2012,
  editor    = {Xiaoyun Wang and
               Kazue Sako},
  title     = {Advances in Cryptology - {ASIACRYPT} 2012 - 18th International Conference
               on the Theory and Application of Cryptology and Information Security,
               Beijing, China, December 2-6, 2012. Proceedings},
  series    = {Lecture Notes in Computer Science},
  volume    = {7658},
  publisher = {Springer},
  year      = {2012},
  url       = {http://dx.doi.org/10.1007/978-3-642-34961-4},
  doi       = {10.1007/978-3-642-34961-4},
  isbn      = {978-3-642-34960-7},
  timestamp = {Tue, 20 Nov 2012 14:20:19 +0100},
  biburl    = {http://dblp.uni-trier.de/rec/bib/conf/asiacrypt/2012},
  bibsource = {dblp computer science bibliography, http://dblp.org}
}

@article{DBLP:journals/chinaf/ZhangBLR0V15,
  author    = {Wentao Zhang and
               Zhenzhen Bao and
               Dongdai Lin and
               Vincent Rijmen and
               Bohan Yang and
               Ingrid Verbauwhede},
  title     = {{RECTANGLE:} a bit-slice lightweight block cipher suitable for multiple
               platforms},
  journal   = {{SCIENCE} {CHINA} Information Sciences},
  volume    = {58},
  number    = {12},
  pages     = {1--15},
  year      = {2015},
  url       = {http://dx.doi.org/10.1007/s11432-015-5459-7},
  doi       = {10.1007/s11432-015-5459-7},
  timestamp = {Tue, 15 Dec 2015 12:46:14 +0100},
  biburl    = {http://dblp.uni-trier.de/rec/bib/journals/chinaf/ZhangBLR0V15},
  bibsource = {dblp computer science bibliography, http://dblp.org}
}

@inproceedings{DBLP:conf/crypto/ChariJRR99,
  author    = {Suresh Chari and
               Charanjit S. Jutla and
               Josyula R. Rao and
               Pankaj Rohatgi},
  title     = {Towards Sound Approaches to Counteract Power-Analysis Attacks},
  booktitle = {Advances in Cryptology - {CRYPTO} '99, 19th Annual International Cryptology
               Conference, Santa Barbara, California, USA, August 15-19, 1999, Proceedings},
  pages     = {398--412},
  year      = {1999},
  crossref  = {DBLP:conf/crypto/1999},
  url       = {http://dx.doi.org/10.1007/3-540-48405-1_26},
  doi       = {10.1007/3-540-48405-1_26},
  timestamp = {Fri, 18 Sep 2009 12:20:27 +0200},
  biburl    = {http://dblp.uni-trier.de/rec/bib/conf/crypto/ChariJRR99},
  bibsource = {dblp computer science bibliography, http://dblp.org}
}


@inproceedings{DBLP:conf/ches/GoubinP99,
  author    = {Louis Goubin and
               Jacques Patarin},
  title     = {{DES} and Differential Power Analysis (The "Duplication" Method)},
  booktitle = {Cryptographic Hardware and Embedded Systems, First International Workshop,
               CHES'99, Worcester, MA, USA, August 12-13, 1999, Proceedings},
  pages     = {158--172},
  year      = {1999},
  crossref  = {DBLP:conf/ches/1999},
  url       = {http://dx.doi.org/10.1007/3-540-48059-5_15},
  doi       = {10.1007/3-540-48059-5_15},
  timestamp = {Mon, 20 Jun 2011 17:28:13 +0200},
  biburl    = {http://dblp.uni-trier.de/rec/bib/conf/ches/GoubinP99},
  bibsource = {dblp computer science bibliography, http://dblp.org}
}
@proceedings{DBLP:conf/ches/1999,
  editor    = {{\c{C}}etin Kaya Ko{\c{c}} and
               Christof Paar},
  title     = {Cryptographic Hardware and Embedded Systems, First International Workshop,
               CHES'99, Worcester, MA, USA, August 12-13, 1999, Proceedings},
  series    = {Lecture Notes in Computer Science},
  volume    = {1717},
  publisher = {Springer},
  year      = {1999},
  isbn      = {3-540-66646-X},
  timestamp = {Mon, 11 Feb 2002 08:26:25 +0100},
  biburl    = {http://dblp.uni-trier.de/rec/bib/conf/ches/1999},
  bibsource = {dblp computer science bibliography, http://dblp.org}
}

@inproceedings{DBLP:conf/fse/Messerges00,
  author    = {Thomas S. Messerges},
  title     = {Securing the {AES} Finalists Against Power Analysis Attacks},
  booktitle = {Fast Software Encryption, 7th International Workshop, {FSE} 2000,
               New York, NY, USA, April 10-12, 2000, Proceedings},
  pages     = {150--164},
  year      = {2000},
  crossref  = {DBLP:conf/fse/2000},
  url       = {http://dx.doi.org/10.1007/3-540-44706-7_11},
  doi       = {10.1007/3-540-44706-7_11},
  timestamp = {Wed, 22 Jun 2011 15:24:03 +0200},
  biburl    = {http://dblp.uni-trier.de/rec/bib/conf/fse/Messerges00},
  bibsource = {dblp computer science bibliography, http://dblp.org}
}
@proceedings{DBLP:conf/fse/2000,
  editor    = {Bruce Schneier},
  title     = {Fast Software Encryption, 7th International Workshop, {FSE} 2000,
               New York, NY, USA, April 10-12, 2000, Proceedings},
  series    = {Lecture Notes in Computer Science},
  volume    = {1978},
  publisher = {Springer},
  year      = {2001},
  isbn      = {3-540-41728-1},
  timestamp = {Mon, 21 Jan 2002 16:11:33 +0100},
  biburl    = {http://dblp.uni-trier.de/rec/bib/conf/fse/2000},
  bibsource = {dblp computer science bibliography, http://dblp.org}
}

@article{DBLP:journals/iacr/Trichina03,
  author    = {Elena Trichina},
  title     = {Combinational Logic Design for {AES} SubByte Transformation on Masked
               Data},
  journal   = {{IACR} Cryptology ePrint Archive},
  volume    = {2003},
  pages     = {236},
  year      = {2003},
  url       = {http://eprint.iacr.org/2003/236},
  timestamp = {Mon, 23 Jan 2012 11:55:41 +0100},
  biburl    = {http://dblp2.uni-trier.de/rec/bib/journals/iacr/Trichina03},
  bibsource = {dblp computer science bibliography, http://dblp.org}
}

@inproceedings{DBLP:conf/ches/AkkarG01,
  author    = {Mehdi{-}Laurent Akkar and
               Christophe Giraud},
  title     = {An Implementation of {DES} and AES, Secure against Some Attacks},
  booktitle = {Cryptographic Hardware and Embedded Systems - {CHES} 2001, Third International
               Workshop, Paris, France, May 14-16, 2001, Proceedings},
  number    = {Generators},
  pages     = {309--318},
  year      = {2001},
  crossref  = {DBLP:conf/ches/2001},
  url       = {http://dx.doi.org/10.1007/3-540-44709-1_26},
  doi       = {10.1007/3-540-44709-1_26},
  timestamp = {Tue, 28 Jun 2011 15:11:49 +0200},
  biburl    = {http://dblp.uni-trier.de/rec/bib/conf/ches/AkkarG01},
  bibsource = {dblp computer science bibliography, http://dblp.org}
}
@proceedings{DBLP:conf/ches/2001,
  editor    = {{\c{C}}etin Kaya Ko{\c{c}} and
               David Naccache and
               Christof Paar},
  title     = {Cryptographic Hardware and Embedded Systems - {CHES} 2001, Third International
               Workshop, Paris, France, May 14-16, 2001, Proceedings},
  series    = {Lecture Notes in Computer Science},
  volume    = {2162},
  publisher = {Springer},
  year      = {2001},
  isbn      = {3-540-42521-7},
  timestamp = {Wed, 30 Jan 2002 07:33:14 +0100},
  biburl    = {http://dblp.uni-trier.de/rec/bib/conf/ches/2001},
  bibsource = {dblp computer science bibliography, http://dblp.org}
}

@inproceedings{DBLP:conf/fse/AkkarBG04,
  author    = {Mehdi{-}Laurent Akkar and
               R{\'{e}}gis Bevan and
               Louis Goubin},
  title     = {Two Power Analysis Attacks against One-Mask Methods},
  booktitle = {Fast Software Encryption, 11th International Workshop, {FSE} 2004,
               Delhi, India, February 5-7, 2004, Revised Papers},
  pages     = {332--347},
  year      = {2004},
  crossref  = {DBLP:conf/fse/2004},
  url       = {http://dx.doi.org/10.1007/978-3-540-25937-4_21},
  doi       = {10.1007/978-3-540-25937-4_21},
  timestamp = {Wed, 06 Jul 2011 21:19:29 +0200},
  biburl    = {http://dblp.uni-trier.de/rec/bib/conf/fse/AkkarBG04},
  bibsource = {dblp computer science bibliography, http://dblp.org}
}
@proceedings{DBLP:conf/fse/2004,
  editor    = {Bimal K. Roy and
               Willi Meier},
  title     = {Fast Software Encryption, 11th International Workshop, {FSE} 2004,
               Delhi, India, February 5-7, 2004, Revised Papers},
  series    = {Lecture Notes in Computer Science},
  volume    = {3017},
  publisher = {Springer},
  year      = {2004},
  isbn      = {3-540-22171-9},
  timestamp = {Thu, 29 Jul 2004 13:27:42 +0200},
  biburl    = {http://dblp.uni-trier.de/rec/bib/conf/fse/2004},
  bibsource = {dblp computer science bibliography, http://dblp.org}
}

@inproceedings{DBLP:conf/sacrypt/BlomerGK04,
  author    = {Johannes Bl{\"{o}}mer and
               Jorge Guajardo and
               Volker Krummel},
  title     = {Provably Secure Masking of {AES}},
  booktitle = {Selected Areas in Cryptography, 11th International Workshop, {SAC}
               2004, Waterloo, Canada, August 9-10, 2004, Revised Selected Papers},
  pages     = {69--83},
  year      = {2004},
  crossref  = {DBLP:conf/sacrypt/2004},
  url       = {http://dx.doi.org/10.1007/978-3-540-30564-4_5},
  doi       = {10.1007/978-3-540-30564-4_5},
  timestamp = {Mon, 08 Aug 2011 15:22:10 +0200},
  biburl    = {http://dblp.uni-trier.de/rec/bib/conf/sacrypt/BlomerGK04},
  bibsource = {dblp computer science bibliography, http://dblp.org}
}
@proceedings{DBLP:conf/sacrypt/2004,
  editor    = {Helena Handschuh and
               M. Anwar Hasan},
  title     = {Selected Areas in Cryptography, 11th International Workshop, {SAC}
               2004, Waterloo, Canada, August 9-10, 2004, Revised Selected Papers},
  series    = {Lecture Notes in Computer Science},
  volume    = {3357},
  publisher = {Springer},
  year      = {2004},
  isbn      = {3-540-24327-5},
  timestamp = {Wed, 26 Jan 2005 10:29:39 +0100},
  biburl    = {http://dblp.uni-trier.de/rec/bib/conf/sacrypt/2004},
  bibsource = {dblp computer science bibliography, http://dblp.org}
}

@inproceedings{DBLP:conf/wea/BoyarP10,
  author    = {Joan Boyar and
               Ren{\'{e}} Peralta},
  title     = {A New Combinational Logic Minimization Technique with Applications
               to Cryptology},
  booktitle = {Experimental Algorithms, 9th International Symposium, {SEA} 2010,
               Ischia Island, Naples, Italy, May 20-22, 2010. Proceedings},
  pages     = {178--189},
  year      = {2010},
  crossref  = {DBLP:conf/wea/2010},
  url       = {http://dx.doi.org/10.1007/978-3-642-13193-6_16},
  doi       = {10.1007/978-3-642-13193-6_16},
  timestamp = {Fri, 30 Apr 2010 09:30:25 +0200},
  biburl    = {http://dblp.uni-trier.de/rec/bib/conf/wea/BoyarP10},
  bibsource = {dblp computer science bibliography, http://dblp.org}
}



@inproceedings{DBLP:conf/ches/RivainP10,
  author    = {Matthieu Rivain and
               Emmanuel Prouff},
  title     = {Provably Secure Higher-Order Masking of {AES}},
  booktitle = {Cryptographic Hardware and Embedded Systems, {CHES} 2010, 12th International
               Workshop, Santa Barbara, CA, USA, August 17-20, 2010. Proceedings},
  pages     = {413--427},
  year      = {2010},
  crossref  = {DBLP:conf/ches/2010},
  url       = {http://dx.doi.org/10.1007/978-3-642-15031-9_28},
  doi       = {10.1007/978-3-642-15031-9_28},
  timestamp = {Tue, 17 Aug 2010 15:05:11 +0200},
  biburl    = {http://dblp.uni-trier.de/rec/bib/conf/ches/RivainP10},
  bibsource = {dblp computer science bibliography, http://dblp.org}
}

@proceedings{DBLP:conf/ches/2010,
  editor    = {Stefan Mangard and
               Fran{\c{c}}ois{-}Xavier Standaert},
  title     = {Cryptographic Hardware and Embedded Systems, {CHES} 2010, 12th International
               Workshop, Santa Barbara, CA, USA, August 17-20, 2010. Proceedings},
  series    = {Lecture Notes in Computer Science},
  volume    = {6225},
  publisher = {Springer},
  year      = {2010},
  url       = {http://dx.doi.org/10.1007/978-3-642-15031-9},
  doi       = {10.1007/978-3-642-15031-9},
  isbn      = {978-3-642-15030-2},
  timestamp = {Tue, 17 Aug 2010 15:05:11 +0200},
  biburl    = {http://dblp.uni-trier.de/rec/bib/conf/ches/2010},
  bibsource = {dblp computer science bibliography, http://dblp.org}
}


@proceedings{DBLP:conf/wea/2010,
  editor    = {Paola Festa},
  title     = {Experimental Algorithms, 9th International Symposium, {SEA} 2010,
               Ischia Island, Naples, Italy, May 20-22, 2010. Proceedings},
  series    = {Lecture Notes in Computer Science},
  volume    = {6049},
  publisher = {Springer},
  year      = {2010},
  url       = {http://dx.doi.org/10.1007/978-3-642-13193-6},
  doi       = {10.1007/978-3-642-13193-6},
  isbn      = {978-3-642-13192-9},
  timestamp = {Fri, 30 Apr 2010 09:28:14 +0200},
  biburl    = {http://dblp.uni-trier.de/rec/bib/conf/wea/2010},
  bibsource = {dblp computer science bibliography, http://dblp.org}
}

@inproceedings{DBLP:conf/fse/Biham97a,
  author    = {Eli Biham},
  title     = {A Fast New {DES} Implementation in Software},
  booktitle = {Fast Software Encryption, 4th International Workshop, {FSE} '97, Haifa,
               Israel, January 20-22, 1997, Proceedings},
  pages     = {260--272},
  year      = {1997},
  crossref  = {DBLP:conf/fse/1997},
  url       = {http://dx.doi.org/10.1007/BFb0052352},
  doi       = {10.1007/BFb0052352},
  timestamp = {Wed, 15 Jun 2011 15:39:01 +0200},
  biburl    = {http://dblp.uni-trier.de/rec/bib/conf/fse/Biham97a},
  bibsource = {dblp computer science bibliography, http://dblp.org}
}
@proceedings{DBLP:conf/fse/1997,
  editor    = {Eli Biham},
  title     = {Fast Software Encryption, 4th International Workshop, {FSE} '97, Haifa,
               Israel, January 20-22, 1997, Proceedings},
  series    = {Lecture Notes in Computer Science},
  volume    = {1267},
  publisher = {Springer},
  year      = {1997},
  isbn      = {3-540-63247-6},
  timestamp = {Tue, 01 Jan 2008 21:32:57 +0100},
  biburl    = {http://dblp.uni-trier.de/rec/bib/conf/fse/1997},
  bibsource = {dblp computer science bibliography, http://dblp.org}
}

@misc{cryptoeprint:2016:264,
    author = {Dahmun Goudarzi and Matthieu Rivain },
    title = {How Fast Can Higher-Order Masking Be in Software?},
    howpublished = {Cryptology ePrint Archive, Report 2016/264},
    year = {2016},
    note = {\url{http://eprint.iacr.org/2016/264}},
}

@inproceedings{DBLP:conf/ctrsa/WangVGX15,
  author    = {Junwei Wang and
               Praveen Kumar Vadnala and
               Johann Gro{\ss}sch{\"{a}}dl and
               Qiuliang Xu},
  title     = {Higher-Order Masking in Practice: {A} Vector Implementation of Masked {AES} for {ARM} {NEON}},
  booktitle = {Topics in Cryptology - {CT-RSA} 2015, The Cryptographer's Track at
               the {RSA} Conference 2015, San Francisco, CA, USA, April 20-24, 2015.
               Proceedings},
  pages     = {181--198},
  year      = {2015},
  crossref  = {DBLP:conf/ctrsa/2015},
  url       = {http://dx.doi.org/10.1007/978-3-319-16715-2_10},
  doi       = {10.1007/978-3-319-16715-2_10},
  timestamp = {Thu, 07 May 2015 18:02:42 +0200},
  biburl    = {http://dblp.uni-trier.de/rec/bib/conf/ctrsa/WangVGX15},
  bibsource = {dblp computer science bibliography, http://dblp.org}
}

@proceedings{DBLP:conf/ctrsa/2015,
  editor    = {Kaisa Nyberg},
  title     = {Topics in Cryptology - {CT-RSA} 2015, The Cryptographer's Track at
               the {RSA} Conference 2015, San Francisco, CA, USA, April 20-24, 2015.
               Proceedings},
  series    = {Lecture Notes in Computer Science},
  volume    = {9048},
  publisher = {Springer},
  year      = {2015},
  url       = {http://dx.doi.org/10.1007/978-3-319-16715-2},
  doi       = {10.1007/978-3-319-16715-2},
  isbn      = {978-3-319-16714-5},
  timestamp = {Thu, 07 May 2015 18:00:26 +0200},
  biburl    = {http://dblp.uni-trier.de/rec/bib/conf/ctrsa/2015},
  bibsource = {dblp computer science bibliography, http://dblp.org}
}

@inproceedings{DBLP:conf/rfidsec/Papapagiannopoulos14,
  author    = {Kostas Papapagiannopoulos},
  title     = {High Throughput in Slices: The Case of PRESENT, {PRINCE} and {KATAN64}
               Ciphers},
  booktitle = {Radio Frequency Identification: Security and Privacy Issues - 10th
               International Workshop, RFIDSec 2014, Oxford, UK, July 21-23, 2014,
               Revised Selected Papers},
  pages     = {137--155},
  year      = {2014},
  crossref  = {DBLP:conf/rfidsec/2014},
  url       = {http://dx.doi.org/10.1007/978-3-319-13066-8_9},
  doi       = {10.1007/978-3-319-13066-8_9},
  timestamp = {Mon, 17 Nov 2014 13:50:29 +0100},
  biburl    = {http://dblp2.uni-trier.de/rec/bib/conf/rfidsec/Papapagiannopoulos14},
  bibsource = {dblp computer science bibliography, http://dblp.org}
}
@proceedings{DBLP:conf/rfidsec/2014,
  editor    = {Nitesh Saxena and
               Ahmad{-}Reza Sadeghi},
  title     = {Radio Frequency Identification: Security and Privacy Issues - 10th
               International Workshop, RFIDSec 2014, Oxford, UK, July 21-23, 2014,
               Revised Selected Papers},
  series    = {Lecture Notes in Computer Science},
  volume    = {8651},
  publisher = {Springer},
  year      = {2014},
  url       = {http://dx.doi.org/10.1007/978-3-319-13066-8},
  doi       = {10.1007/978-3-319-13066-8},
  isbn      = {978-3-319-13065-1},
  timestamp = {Mon, 17 Nov 2014 13:48:49 +0100},
  biburl    = {http://dblp2.uni-trier.de/rec/bib/conf/rfidsec/2014},
  bibsource = {dblp computer science bibliography, http://dblp.org}
}

@inproceedings{DBLP:conf/ches/MatsudaM12,
  author    = {Seiichi Matsuda and
               Shiho Moriai},
  title     = {Lightweight Cryptography for the Cloud: Exploit the Power of Bitslice
               Implementation},
  booktitle = {Cryptographic Hardware and Embedded Systems - {CHES} 2012 - 14th International
               Workshop, Leuven, Belgium, September 9-12, 2012. Proceedings},
  pages     = {408--425},
  year      = {2012},
  crossref  = {DBLP:conf/ches/2012},
  url       = {http://dx.doi.org/10.1007/978-3-642-33027-8_24},
  doi       = {10.1007/978-3-642-33027-8_24},
  timestamp = {Fri, 07 Sep 2012 12:38:15 +0200},
  biburl    = {http://dblp.uni-trier.de/rec/bib/conf/ches/MatsudaM12},
  bibsource = {dblp computer science bibliography, http://dblp.org}
}
@proceedings{DBLP:conf/ches/2012,
  editor    = {Emmanuel Prouff and
               Patrick Schaumont},
  title     = {Cryptographic Hardware and Embedded Systems - {CHES} 2012 - 14th International
               Workshop, Leuven, Belgium, September 9-12, 2012. Proceedings},
  series    = {Lecture Notes in Computer Science},
  volume    = {7428},
  publisher = {Springer},
  year      = {2012},
  url       = {http://dx.doi.org/10.1007/978-3-642-33027-8},
  doi       = {10.1007/978-3-642-33027-8},
  isbn      = {978-3-642-33026-1},
  timestamp = {Fri, 07 Sep 2012 12:33:45 +0200},
  biburl    = {http://dblp.uni-trier.de/rec/bib/conf/ches/2012},
  bibsource = {dblp computer science bibliography, http://dblp.org}
}

@inproceedings{DBLP:conf/sacrypt/Benadjila0LP13,
  author    = {Ryad Benadjila and
               Jian Guo and
               Victor Lomn{\'{e}} and
               Thomas Peyrin},
  title     = {Implementing Lightweight Block Ciphers on x86 Architectures},
  booktitle = {Selected Areas in Cryptography - {SAC} 2013 - 20th International Conference,
               Burnaby, BC, Canada, August 14-16, 2013, Revised Selected Papers},
  pages     = {324--351},
  year      = {2013},
  crossref  = {DBLP:conf/sacrypt/2013},
  url       = {http://dx.doi.org/10.1007/978-3-662-43414-7_17},
  doi       = {10.1007/978-3-662-43414-7_17},
  timestamp = {Thu, 28 Aug 2014 14:01:36 +0200},
  biburl    = {http://dblp.uni-trier.de/rec/bib/conf/sacrypt/Benadjila0LP13},
  bibsource = {dblp computer science bibliography, http://dblp.org}
}
@proceedings{DBLP:conf/sacrypt/2013,
  editor    = {Tanja Lange and
               Kristin E. Lauter and
               Petr Lisonek},
  title     = {Selected Areas in Cryptography - {SAC} 2013 - 20th International Conference,
               Burnaby, BC, Canada, August 14-16, 2013, Revised Selected Papers},
  series    = {Lecture Notes in Computer Science},
  volume    = {8282},
  publisher = {Springer},
  year      = {2014},
  url       = {http://dx.doi.org/10.1007/978-3-662-43414-7},
  doi       = {10.1007/978-3-662-43414-7},
  isbn      = {978-3-662-43413-0},
  timestamp = {Thu, 28 Aug 2014 14:01:36 +0200},
  biburl    = {http://dblp.uni-trier.de/rec/bib/conf/sacrypt/2013},
  bibsource = {dblp computer science bibliography, http://dblp.org}
}

@inproceedings{DBLP:conf/ches/GrabherGP08,
  author    = {Philipp Grabher and
               Johann Gro{\ss}sch{\"{a}}dl and
               Dan Page},
  title     = {Light-Weight Instruction Set Extensions for Bit-Sliced Cryptography},
  booktitle = {Cryptographic Hardware and Embedded Systems - {CHES} 2008, 10th International
               Workshop, Washington, D.C., USA, August 10-13, 2008. Proceedings},
  pages     = {331--345},
  year      = {2008},
  crossref  = {DBLP:conf/ches/2008},
  url       = {http://dx.doi.org/10.1007/978-3-540-85053-3_21},
  doi       = {10.1007/978-3-540-85053-3_21},
  timestamp = {Tue, 12 Aug 2008 09:29:56 +0200},
  biburl    = {http://dblp.uni-trier.de/rec/bib/conf/ches/GrabherGP08},
  bibsource = {dblp computer science bibliography, http://dblp.org}
}
@proceedings{DBLP:conf/ches/2008,
  editor    = {Elisabeth Oswald and
               Pankaj Rohatgi},
  title     = {Cryptographic Hardware and Embedded Systems - {CHES} 2008, 10th International
               Workshop, Washington, D.C., USA, August 10-13, 2008. Proceedings},
  series    = {Lecture Notes in Computer Science},
  volume    = {5154},
  publisher = {Springer},
  year      = {2008},
  isbn      = {978-3-540-85052-6},
  timestamp = {Tue, 12 Aug 2008 09:25:21 +0200},
  biburl    = {http://dblp.uni-trier.de/rec/bib/conf/ches/2008},
  bibsource = {dblp computer science bibliography, http://dblp.org}
}

@article{DBLP:journals/iacr/DinuCKPGB15,
  author    = {Daniel Dinu and
               Yann Le Corre and
               Dmitry Khovratovich and
               L{\'{e}}o Perrin and
               Johann Gro{\ss}sch{\"{a}}dl and
               Alex Biryukov},
  title     = {Triathlon of Lightweight Block Ciphers for the Internet of Things},
  journal   = {NIST Lightweight Cryptography Workshop 2015},
  volume    = {2015},
  pages     = {209},
  year      = {2015},
  url       = {http://eprint.iacr.org/2015/209},
  timestamp = {Fri, 20 Mar 2015 14:32:19 +0100},
  biburl    = {http://dblp.uni-trier.de/rec/bib/journals/iacr/DinuCKPGB15},
  bibsource = {dblp computer science bibliography, http://dblp.org}
}

@inproceedings{DBLP:conf/fse/GrossoLSV14,
  author    = {Vincent Grosso and
               Ga{\"{e}}tan Leurent and
               Fran{\c{c}}ois{-}Xavier Standaert and
               Kerem Varici},
  title     = {LS-Designs: Bitslice Encryption for Efficient Masked Software Implementations},
  booktitle = {Fast Software Encryption - 21st International Workshop, {FSE} 2014,
               London, UK, March 3-5, 2014. Revised Selected Papers},
  pages     = {18--37},
  year      = {2014},
  crossref  = {DBLP:conf/fse/2014},
  url       = {http://dx.doi.org/10.1007/978-3-662-46706-0_2},
  doi       = {10.1007/978-3-662-46706-0_2},
  timestamp = {Wed, 22 Apr 2015 15:44:57 +0200},
  biburl    = {http://dblp2.uni-trier.de/rec/bib/conf/fse/GrossoLSV14},
  bibsource = {dblp computer science bibliography, http://dblp.org}
}
@proceedings{DBLP:conf/fse/2014,
  editor    = {Carlos Cid and
               Christian Rechberger},
  title     = {Fast Software Encryption - 21st International Workshop, {FSE} 2014,
               London, UK, March 3-5, 2014. Revised Selected Papers},
  series    = {Lecture Notes in Computer Science},
  volume    = {8540},
  publisher = {Springer},
  year      = {2015},
  url       = {http://dx.doi.org/10.1007/978-3-662-46706-0},
  doi       = {10.1007/978-3-662-46706-0},
  isbn      = {978-3-662-46705-3},
  timestamp = {Wed, 22 Apr 2015 15:40:09 +0200},
  biburl    = {http://dblp2.uni-trier.de/rec/bib/conf/fse/2014},
  bibsource = {dblp computer science bibliography, http://dblp.org}
}

@inproceedings{DBLP:conf/dac/BeaulieuSSTWW15,
  author    = {Ray Beaulieu and
               Douglas Shors and
               Jason Smith and
               Stefan Treatman{-}Clark and
               Bryan Weeks and
               Louis Wingers},
  title     = {The {SIMON} and {SPECK} lightweight block ciphers},
  booktitle = {Proceedings of the 52nd Annual Design Automation Conference, San Francisco,
               CA, USA, June 7-11, 2015},
  pages     = {175:1--175:6},
  year      = {2015},
  crossref  = {DBLP:conf/dac/2015},
  url       = {http://doi.acm.org/10.1145/2744769.2747946},
  doi       = {10.1145/2744769.2747946},
  timestamp = {Tue, 30 Jun 2015 16:34:10 +0200},
  biburl    = {http://dblp.uni-trier.de/rec/bib/conf/dac/BeaulieuSSTWW15},
  bibsource = {dblp computer science bibliography, http://dblp.org}
}
@proceedings{DBLP:conf/dac/2015,
  title     = {Proceedings of the 52nd Annual Design Automation Conference, San Francisco,
               CA, USA, June 7-11, 2015},
  publisher = {{ACM}},
  year      = {2015},
  url       = {http://dl.acm.org/citation.cfm?id=2744769},
  isbn      = {978-1-4503-3520-1},
  timestamp = {Mon, 08 Jun 2015 08:35:39 +0200},
  biburl    = {http://dblp.uni-trier.de/rec/bib/conf/dac/2015},
  bibsource = {dblp computer science bibliography, http://dblp.org}
}


@inproceedings{DBLP:conf/ches/GuoPPR11,
  author    = {Jian Guo and
               Thomas Peyrin and
               Axel Poschmann and
               Matthew J. B. Robshaw},
  title     = {The {LED} Block Cipher},
  booktitle = {Cryptographic Hardware and Embedded Systems - {CHES} 2011 - 13th International
               Workshop, Nara, Japan, September 28 - October 1, 2011. Proceedings},
  pages     = {326--341},
  year      = {2011},
  crossref  = {DBLP:conf/ches/2011},
  url       = {http://dx.doi.org/10.1007/978-3-642-23951-9_22},
  doi       = {10.1007/978-3-642-23951-9_22},
  timestamp = {Fri, 30 Sep 2011 07:32:32 +0200},
  biburl    = {http://dblp.uni-trier.de/rec/bib/conf/ches/GuoPPR11},
  bibsource = {dblp computer science bibliography, http://dblp.org}
}


@inproceedings{DBLP:conf/ches/ShibutaniIHMAS11,
  author    = {Kyoji Shibutani and
               Takanori Isobe and
               Harunaga Hiwatari and
               Atsushi Mitsuda and
               Toru Akishita and
               Taizo Shirai},
  title     = {Piccolo: An Ultra-Lightweight Blockcipher},
  booktitle = {Cryptographic Hardware and Embedded Systems - {CHES} 2011 - 13th International
               Workshop, Nara, Japan, September 28 - October 1, 2011. Proceedings},
  pages     = {342--357},
  year      = {2011},
  crossref  = {DBLP:conf/ches/2011},
  url       = {http://dx.doi.org/10.1007/978-3-642-23951-9_23},
  doi       = {10.1007/978-3-642-23951-9_23},
  timestamp = {Thu, 29 Sep 2011 19:49:38 +0200},
  biburl    = {http://dblp.uni-trier.de/rec/bib/conf/ches/ShibutaniIHMAS11},
  bibsource = {dblp computer science bibliography, http://dblp.org}
}

 
@inproceedings{DBLP:conf/ches/Hamburg09,
  author    = {Mike Hamburg},
  title     = {Accelerating {AES} with Vector Permute Instructions},
  booktitle = {Cryptographic Hardware and Embedded Systems - {CHES} 2009, 11th International
               Workshop, Lausanne, Switzerland, September 6-9, 2009, Proceedings},
  pages     = {18--32},
  year      = {2009},
  crossref  = {DBLP:conf/ches/2009},
  url       = {http://dx.doi.org/10.1007/978-3-642-04138-9_2},
  doi       = {10.1007/978-3-642-04138-9_2},
  timestamp = {Mon, 31 Aug 2009 14:45:37 +0200},
  biburl    = {http://dblp.uni-trier.de/rec/bib/conf/ches/Hamburg09},
  bibsource = {dblp computer science bibliography, http://dblp.org}
}
@proceedings{DBLP:conf/ches/2009,
  editor    = {Christophe Clavier and
               Kris Gaj},
  title     = {Cryptographic Hardware and Embedded Systems - {CHES} 2009, 11th International
               Workshop, Lausanne, Switzerland, September 6-9, 2009, Proceedings},
  series    = {Lecture Notes in Computer Science},
  volume    = {5747},
  publisher = {Springer},
  year      = {2009},
  url       = {http://dx.doi.org/10.1007/978-3-642-04138-9},
  doi       = {10.1007/978-3-642-04138-9},
  isbn      = {978-3-642-04137-2},
  timestamp = {Mon, 31 Aug 2009 14:45:18 +0200},
  biburl    = {http://dblp.uni-trier.de/rec/bib/conf/ches/2009},
  bibsource = {dblp computer science bibliography, http://dblp.org}
}

@article{DBLP:journals/tc/BogdanovKLTVV13,
  author    = {Andrey Bogdanov and
               Miroslav Knezevic and
               Gregor Leander and
               Deniz Toz and
               Kerem Varici and
               Ingrid Verbauwhede},
  title     = {{SPONGENT:} The Design Space of Lightweight Cryptographic Hashing},
  journal   = {{IEEE} Trans. Computers},
  volume    = {62},
  number    = {10},
  pages     = {2041--2053},
  year      = {2013},
  url       = {http://dx.doi.org/10.1109/TC.2012.196},
  doi       = {10.1109/TC.2012.196},
  timestamp = {Tue, 22 Dec 2015 15:14:06 +0100},
  biburl    = {http://dblp.uni-trier.de/rec/bib/journals/tc/BogdanovKLTVV13},
  bibsource = {dblp computer science bibliography, http://dblp.org}
}

@inproceedings{DBLP:conf/ches/BogdanovLPPRS08,
  author    = {Andrey Bogdanov and
               Gregor Leander and
               Christof Paar and
               Axel Poschmann and
               Matthew J. B. Robshaw and
               Yannick Seurin},
  title     = {Hash Functions and {RFID} Tags: Mind the Gap},
  booktitle = {Cryptographic Hardware and Embedded Systems - {CHES} 2008, 10th International
               Workshop, Washington, D.C., USA, August 10-13, 2008. Proceedings},
  pages     = {283--299},
  year      = {2008},
  crossref  = {DBLP:conf/ches/2008},
  url       = {http://dx.doi.org/10.1007/978-3-540-85053-3_18},
  doi       = {10.1007/978-3-540-85053-3_18},
  timestamp = {Tue, 12 Aug 2008 09:29:56 +0200},
  biburl    = {http://dblp.uni-trier.de/rec/bib/conf/ches/BogdanovLPPRS08},
  bibsource = {dblp computer science bibliography, http://dblp.org}
}
@proceedings{DBLP:conf/ches/2008,
  editor    = {Elisabeth Oswald and
               Pankaj Rohatgi},
  title     = {Cryptographic Hardware and Embedded Systems - {CHES} 2008, 10th International
               Workshop, Washington, D.C., USA, August 10-13, 2008. Proceedings},
  series    = {Lecture Notes in Computer Science},
  volume    = {5154},
  publisher = {Springer},
  year      = {2008},
  isbn      = {978-3-540-85052-6},
  timestamp = {Tue, 12 Aug 2008 09:25:21 +0200},
  biburl    = {http://dblp.uni-trier.de/rec/bib/conf/ches/2008},
  bibsource = {dblp computer science bibliography, http://dblp.org}
}

@INPROCEEDINGS{4914893, 
author={M. Sbeiti and M. Silbermann and A. Poschmann and C. Paar}, 
booktitle={Programmable Logic, 2009. SPL. 5th Southern Conference on}, 
title={Design space exploration of present implementations for FPGAS}, 
year={2009}, 
pages={141-145}, 
keywords={cryptography;field programmable gate arrays;FPGA;PRESENT block cipher;design space exploration;hardware efficiency;high-speed application;high-throughput application;Application specific integrated circuits;Computer architecture;Cryptography;Design optimization;Field programmable gate arrays;Hardware;Security;Space exploration;System-on-a-chip;Throughput}, 
doi={10.1109/SPL.2009.4914893}, 
month={April},}

@article{DBLP:journals/scn/CazorlaGMM15,
  author    = {Micka{\"{e}}l Cazorla and
               Sylvain Gourgeon and
               Kevin Marquet and
               Marine Minier},
  title     = {Survey and benchmark of lightweight block ciphers for {MSP430} 16-bit
               microcontroller},
  journal   = {Security and Communication Networks},
  volume    = {8},
  number    = {18},
  pages     = {3564--3579},
  year      = {2015},
  url       = {http://dx.doi.org/10.1002/sec.1281},
  doi       = {10.1002/sec.1281},
  timestamp = {Wed, 23 Dec 2015 15:19:29 +0100},
  biburl    = {http://dblp.uni-trier.de/rec/bib/journals/scn/CazorlaGMM15},
  bibsource = {dblp computer science bibliography, http://dblp.org}
}

@misc{cryptoeprint:2009:516,
    author = {Axel Poschmann},
    title = {Lightweight Cryptography - Cryptographic Engineering for a Pervasive World},
    howpublished = {Cryptology ePrint Archive, Report 2009/516},
    year = {2009},
    note = {\url{http://eprint.iacr.org/}},
}

@inproceedings{DBLP:conf/africacrypt/EisenbarthGGHIKKNPRSO12,
  author    = {Thomas Eisenbarth and
               Zheng Gong and
               Tim G{\"{u}}neysu and
               Stefan Heyse and
               Sebastiaan Indesteege and
               St{\'{e}}phanie Kerckhof and
               Fran{\c{c}}ois Koeune and
               Tomislav Nad and
               Thomas Plos and
               Francesco Regazzoni and
               Fran{\c{c}}ois{-}Xavier Standaert and
               Lo{\"{\i}}c van Oldeneel tot Oldenzeel},
  title     = {Compact Implementation and Performance Evaluation of Block Ciphers
               in ATtiny Devices},
  booktitle = {Progress in Cryptology - {AFRICACRYPT} 2012 - 5th International Conference
               on Cryptology in Africa, Ifrance, Morocco, July 10-12, 2012. Proceedings},
  pages     = {172--187},
  year      = {2012},
  crossref  = {DBLP:conf/africacrypt/2012},
  url       = {http://dx.doi.org/10.1007/978-3-642-31410-0_11},
  doi       = {10.1007/978-3-642-31410-0_11},
  timestamp = {Thu, 21 Jun 2012 14:47:18 +0200},
  biburl    = {http://dblp.uni-trier.de/rec/bib/conf/africacrypt/EisenbarthGGHIKKNPRSO12},
  bibsource = {dblp computer science bibliography, http://dblp.org}
}
@proceedings{DBLP:conf/africacrypt/2012,
  editor    = {Aikaterini Mitrokotsa and
               Serge Vaudenay},
  title     = {Progress in Cryptology - {AFRICACRYPT} 2012 - 5th International Conference
               on Cryptology in Africa, Ifrance, Morocco, July 10-12, 2012. Proceedings},
  series    = {Lecture Notes in Computer Science},
  volume    = {7374},
  publisher = {Springer},
  year      = {2012},
  url       = {http://dx.doi.org/10.1007/978-3-642-31410-0},
  doi       = {10.1007/978-3-642-31410-0},
  isbn      = {978-3-642-31409-4},
  timestamp = {Thu, 21 Jun 2012 14:43:17 +0200},
  biburl    = {http://dblp.uni-trier.de/rec/bib/conf/africacrypt/2012},
  bibsource = {dblp computer science bibliography, http://dblp.org}
}

@inproceedings{DBLP:conf/ches/MangardS06,
  author    = {Stefan Mangard and
               Kai Schramm},
  title     = {Pinpointing the Side-Channel Leakage of Masked {AES} Hardware Implementations},
  booktitle = {Cryptographic Hardware and Embedded Systems - {CHES} 2006, 8th International
               Workshop, Yokohama, Japan, October 10-13, 2006, Proceedings},
  pages     = {76--90},
  year      = {2006},
  crossref  = {DBLP:conf/ches/2006},
  url       = {http://dx.doi.org/10.1007/11894063_7},
  doi       = {10.1007/11894063_7},
  timestamp = {Thu, 14 Dec 2006 14:04:03 +0100},
  biburl    = {http://dblp.uni-trier.de/rec/bib/conf/ches/MangardS06},
  bibsource = {dblp computer science bibliography, http://dblp.org}
}

@proceedings{DBLP:conf/ches/2006,
  editor    = {Louis Goubin and
               Mitsuru Matsui},
  title     = {Cryptographic Hardware and Embedded Systems - {CHES} 2006, 8th International
               Workshop, Yokohama, Japan, October 10-13, 2006, Proceedings},
  series    = {Lecture Notes in Computer Science},
  volume    = {4249},
  publisher = {Springer},
  year      = {2006},
  isbn      = {3-540-46559-6},
  timestamp = {Thu, 14 Dec 2006 14:04:03 +0100},
  biburl    = {http://dblp.uni-trier.de/rec/bib/conf/ches/2006},
  bibsource = {dblp computer science bibliography, http://dblp.org}
}

@inproceedings{DBLP:conf/eurocrypt/RenauldSVKF11,
  author    = {Mathieu Renauld and
               Fran{\c{c}}ois{-}Xavier Standaert and
               Nicolas Veyrat{-}Charvillon and
               Dina Kamel and
               Denis Flandre},
  title     = {A Formal Study of Power Variability Issues and Side-Channel Attacks
               for Nanoscale Devices},
  booktitle = {Advances in Cryptology - {EUROCRYPT} 2011 - 30th Annual International
               Conference on the Theory and Applications of Cryptographic Techniques,
               Tallinn, Estonia, May 15-19, 2011. Proceedings},
  pages     = {109--128},
  year      = {2011},
  crossref  = {DBLP:conf/eurocrypt/2011},
  url       = {http://dx.doi.org/10.1007/978-3-642-20465-4_8},
  doi       = {10.1007/978-3-642-20465-4_8},
  timestamp = {Thu, 05 May 2011 18:04:16 +0200},
  biburl    = {http://dblp.uni-trier.de/rec/bib/conf/eurocrypt/RenauldSVKF11},
  bibsource = {dblp computer science bibliography, http://dblp.org}
}

@proceedings{DBLP:conf/eurocrypt/2011,
  editor    = {Kenneth G. Paterson},
  title     = {Advances in Cryptology - {EUROCRYPT} 2011 - 30th Annual International
               Conference on the Theory and Applications of Cryptographic Techniques,
               Tallinn, Estonia, May 15-19, 2011. Proceedings},
  series    = {Lecture Notes in Computer Science},
  volume    = {6632},
  publisher = {Springer},
  year      = {2011},
  url       = {http://dx.doi.org/10.1007/978-3-642-20465-4},
  doi       = {10.1007/978-3-642-20465-4},
  isbn      = {978-3-642-20464-7},
  timestamp = {Thu, 05 May 2011 18:01:35 +0200},
  biburl    = {http://dblp.uni-trier.de/rec/bib/conf/eurocrypt/2011},
  bibsource = {dblp computer science bibliography, http://dblp.org}
}

@article{DBLP:journals/iacr/GrootPPSB16,
  author    = {Wouter de Groot and
               Kostas Papagiannopoulos and
               Antonio de la Piedra and
               Erik Schneider and
               Lejla Batina},
  title     = {Bitsliced Masking and {ARM:} Friends or Foes?},
  journal   = {{IACR} Cryptology ePrint Archive},
  volume    = {2016},
  pages     = {946},
  year      = {2016},
  url       = {http://eprint.iacr.org/2016/946},
  timestamp = {Fri, 14 Oct 2016 13:36:12 +0200},
  biburl    = {http://dblp.uni-trier.de/rec/bib/journals/iacr/GrootPPSB16},
  bibsource = {dblp computer science bibliography, http://dblp.org}
}

@inproceedings{DBLP:conf/rfidsec/PapagiannopoulosV13,
  author    = {Konstantinos Papagiannopoulos and
               Aram Verstegen},
  title     = {Speed and Size-Optimized Implementations of the {PRESENT} Cipher for
               Tiny {AVR} Devices},
  booktitle = {Radio Frequency Identification - Security and Privacy Issues 9th International
               Workshop, RFIDsec 2013, Graz, Austria, July 9-11, 2013, Revised Selected
               Papers},
  pages     = {161--175},
  year      = {2013},
  crossref  = {DBLP:conf/rfidsec/2013},
  url       = {http://dx.doi.org/10.1007/978-3-642-41332-2_11},
  doi       = {10.1007/978-3-642-41332-2_11},
  timestamp = {Thu, 13 Feb 2014 16:17:58 +0100},
  biburl    = {http://dblp.uni-trier.de/rec/bib/conf/rfidsec/PapagiannopoulosV13},
  bibsource = {dblp computer science bibliography, http://dblp.org}
}

@misc{tvla,
  author    = {Jeremy Cooper and Elke DeMulder and Gilbert Goodwill and Joshua Jaffe and Gary Kenworthy and Pankaj
Rohatgi},
  title     = {Test Vector Leakage Assessment (TVLA) methodology in practice},
  url       = {http://icmc-2013.org/wp/wp-content/uploads/2013/09/goodwillkenworthtestvector.pdf},
  year = {2013} 
}

@proceedings{DBLP:conf/rfidsec/2013,
  editor    = {Michael Hutter and
               J{\"{o}}rn{-}Marc Schmidt},
  title     = {Radio Frequency Identification - Security and Privacy Issues 9th International
               Workshop, RFIDsec 2013, Graz, Austria, July 9-11, 2013, Revised Selected
               Papers},
  series    = {Lecture Notes in Computer Science},
  volume    = {8262},
  publisher = {Springer},
  year      = {2013},
  url       = {http://dx.doi.org/10.1007/978-3-642-41332-2},
  doi       = {10.1007/978-3-642-41332-2},
  isbn      = {978-3-642-41331-5},
  timestamp = {Thu, 13 Feb 2014 16:16:56 +0100},
  biburl    = {http://dblp.uni-trier.de/rec/bib/conf/rfidsec/2013},
  bibsource = {dblp computer science bibliography, http://dblp.org}
}

@article{DBLP:journals/iacr/CanrightB09,
  author    = {D. Canright and
               Lejla Batina},
  title     = {A Very Compact "Perfectly Masked" S-Box for {AES} (corrected)},
  journal   = {{IACR} Cryptology ePrint Archive},
  volume    = {2009},
  pages     = {11},
  year      = {2009},
  url       = {http://eprint.iacr.org/2009/011},
  timestamp = {Mon, 05 Dec 2011 18:05:42 +0100},
  biburl    = {http://dblp.uni-trier.de/rec/bib/journals/iacr/CanrightB09},
  bibsource = {dblp computer science bibliography, http://dblp.org}
}


@article{DBLP:journals/corr/RauzyGN15,
  author    = {Pablo Rauzy and
               Sylvain Guilley and
               Zakaria Najm},
  title     = {Formally Proved Security of Assembly Code Against Power Analysis:
               {A} Case Study on Balanced Logic},
  journal   = {CoRR},
  volume    = {abs/1506.05285},
  year      = {2015},
  url       = {http://arxiv.org/abs/1506.05285},
  timestamp = {Wed, 01 Jul 2015 15:10:24 +0200},
  biburl    = {http://dblp.uni-trier.de/rec/bib/journals/corr/RauzyGN15},
  bibsource = {dblp computer science bibliography, http://dblp.org}
}

@inproceedings{DBLP:conf/ches/GrabherGP08,
  author    = {Philipp Grabher and
               Johann Gro{\ss}sch{\"{a}}dl and
               Dan Page},
  title     = {Light-Weight Instruction Set Extensions for Bit-Sliced Cryptography},
  booktitle = {Cryptographic Hardware and Embedded Systems - {CHES} 2008, 10th International
               Workshop, Washington, D.C., USA, August 10-13, 2008. Proceedings},
  pages     = {331--345},
  year      = {2008},
  crossref  = {DBLP:conf/ches/2008},
  url       = {http://dx.doi.org/10.1007/978-3-540-85053-3_21},
  doi       = {10.1007/978-3-540-85053-3_21},
  timestamp = {Tue, 12 Aug 2008 09:29:56 +0200},
  biburl    = {http://dblp.uni-trier.de/rec/bib/conf/ches/GrabherGP08},
  bibsource = {dblp computer science bibliography, http://dblp.org}
}
@proceedings{DBLP:conf/ches/2008,
  editor    = {Elisabeth Oswald and
               Pankaj Rohatgi},
  title     = {Cryptographic Hardware and Embedded Systems - {CHES} 2008, 10th International
               Workshop, Washington, D.C., USA, August 10-13, 2008. Proceedings},
  series    = {Lecture Notes in Computer Science},
  volume    = {5154},
  publisher = {Springer},
  year      = {2008},
  isbn      = {978-3-540-85052-6},
  timestamp = {Tue, 12 Aug 2008 09:25:21 +0200},
  biburl    = {http://dblp.uni-trier.de/rec/bib/conf/ches/2008},
  bibsource = {dblp computer science bibliography, http://dblp.org}
}

@inproceedings{DBLP:conf/eurocrypt/ProuffR13,
  author    = {Emmanuel Prouff and
               Matthieu Rivain},
  title     = {Masking against Side-Channel Attacks: {A} Formal Security Proof},
  booktitle = {Advances in Cryptology - {EUROCRYPT} 2013, 32nd Annual International
               Conference on the Theory and Applications of Cryptographic Techniques,
               Athens, Greece, May 26-30, 2013. Proceedings},
  pages     = {142--159},
  year      = {2013},
  crossref  = {DBLP:conf/eurocrypt/2013},
  url       = {http://dx.doi.org/10.1007/978-3-642-38348-9_9},
  doi       = {10.1007/978-3-642-38348-9_9},
  timestamp = {Mon, 18 Jan 2016 17:00:14 +0100},
  biburl    = {http://dblp.uni-trier.de/rec/bib/conf/eurocrypt/ProuffR13},
  bibsource = {dblp computer science bibliography, http://dblp.org}
}

@proceedings{DBLP:conf/eurocrypt/2013,
  editor    = {Thomas Johansson and
               Phong Q. Nguyen},
  title     = {Advances in Cryptology - {EUROCRYPT} 2013, 32nd Annual International
               Conference on the Theory and Applications of Cryptographic Techniques,
               Athens, Greece, May 26-30, 2013. Proceedings},
  series    = {Lecture Notes in Computer Science},
  volume    = {7881},
  publisher = {Springer},
  year      = {2013},
  url       = {http://dx.doi.org/10.1007/978-3-642-38348-9},
  doi       = {10.1007/978-3-642-38348-9},
  isbn      = {978-3-642-38347-2},
  timestamp = {Mon, 18 Jan 2016 17:00:14 +0100},
  biburl    = {http://dblp.uni-trier.de/rec/bib/conf/eurocrypt/2013},
  bibsource = {dblp computer science bibliography, http://dblp.org}
}

@inproceedings{DBLP:conf/eurocrypt/Coron14,
  author    = {Jean{-}S{\'{e}}bastien Coron},
  title     = {Higher Order Masking of Look-Up Tables},
  booktitle = {Advances in Cryptology - {EUROCRYPT} 2014 - 33rd Annual International
               Conference on the Theory and Applications of Cryptographic Techniques,
               Copenhagen, Denmark, May 11-15, 2014. Proceedings},
  pages     = {441--458},
  year      = {2014},
  crossref  = {DBLP:conf/eurocrypt/2014},
  url       = {http://dx.doi.org/10.1007/978-3-642-55220-5_25},
  doi       = {10.1007/978-3-642-55220-5_25},
  timestamp = {Fri, 02 May 2014 13:38:39 +0200},
  biburl    = {http://dblp.uni-trier.de/rec/bib/conf/eurocrypt/Coron14},
  bibsource = {dblp computer science bibliography, http://dblp.org}
}

@proceedings{DBLP:conf/eurocrypt/2014,
  editor    = {Phong Q. Nguyen and
               Elisabeth Oswald},
  title     = {Advances in Cryptology - {EUROCRYPT} 2014 - 33rd Annual International
               Conference on the Theory and Applications of Cryptographic Techniques,
               Copenhagen, Denmark, May 11-15, 2014. Proceedings},
  series    = {Lecture Notes in Computer Science},
  volume    = {8441},
  publisher = {Springer},
  year      = {2014},
  url       = {http://dx.doi.org/10.1007/978-3-642-55220-5},
  doi       = {10.1007/978-3-642-55220-5},
  isbn      = {978-3-642-55219-9},
  timestamp = {Fri, 02 May 2014 13:36:39 +0200},
  biburl    = {http://dblp.uni-trier.de/rec/bib/conf/eurocrypt/2014},
  bibsource = {dblp computer science bibliography, http://dblp.org}
}

@inproceedings{DBLP:conf/fse/CarletGPQR12,
  author    = {Claude Carlet and
               Louis Goubin and
               Emmanuel Prouff and
               Micha{\"{e}}l Quisquater and
               Matthieu Rivain},
  title     = {Higher-Order Masking Schemes for S-Boxes},
  booktitle = {Fast Software Encryption - 19th International Workshop, {FSE} 2012,
               Washington, DC, USA, March 19-21, 2012. Revised Selected Papers},
  pages     = {366--384},
  year      = {2012},
  crossref  = {DBLP:conf/fse/2012},
  url       = {http://dx.doi.org/10.1007/978-3-642-34047-5_21},
  doi       = {10.1007/978-3-642-34047-5_21},
  timestamp = {Tue, 11 Sep 2012 15:45:39 +0200},
  biburl    = {http://dblp.uni-trier.de/rec/bib/conf/fse/CarletGPQR12},
  bibsource = {dblp computer science bibliography, http://dblp.org}
}


@article{DBLP:journals/iacr/GoudarziR16a,
  author    = {Dahmun Goudarzi and
               Matthieu Rivain},
  title     = {On the Multiplicative Complexity of Boolean Functions and Bitsliced
               Higher-Order Masking},
  journal   = {{IACR} Cryptology ePrint Archive},
  volume    = {2016},
  pages     = {557},
  year      = {2016},
  url       = {http://eprint.iacr.org/2016/557},
  timestamp = {Sat, 11 Jun 2016 18:59:57 +0200},
  biburl    = {http://dblp.uni-trier.de/rec/bib/journals/iacr/GoudarziR16a},
  bibsource = {dblp computer science bibliography, http://dblp.org}
}


@inproceedings{DBLP:conf/crypto/CarletPRR15,
  author    = {Claude Carlet and
               Emmanuel Prouff and
               Matthieu Rivain and
               Thomas Roche},
  title     = {Algebraic Decomposition for Probing Security},
  booktitle = {Advances in Cryptology - {CRYPTO} 2015 - 35th Annual Cryptology Conference,
               Santa Barbara, CA, USA, August 16-20, 2015, Proceedings, Part {I}},
  pages     = {742--763},
  year      = {2015},
  crossref  = {DBLP:conf/crypto/2015-1},
  url       = {http://dx.doi.org/10.1007/978-3-662-47989-6_36},
  doi       = {10.1007/978-3-662-47989-6_36},
  timestamp = {Mon, 03 Aug 2015 13:28:10 +0200},
  biburl    = {http://dblp.uni-trier.de/rec/bib/conf/crypto/CarletPRR15},
  bibsource = {dblp computer science bibliography, http://dblp.org}
}

@inproceedings{DBLP:conf/fse/GrossoLSV14,
  author    = {Vincent Grosso and
               Ga{\"{e}}tan Leurent and
               Fran{\c{c}}ois{-}Xavier Standaert and
               Kerem Varici},
  title     = {LS-Designs: Bitslice Encryption for Efficient Masked Software Implementations},
  booktitle = {Fast Software Encryption - 21st International Workshop, {FSE} 2014,
               London, UK, March 3-5, 2014. Revised Selected Papers},
  pages     = {18--37},
  year      = {2014},
  crossref  = {DBLP:conf/fse/2014},
  url       = {http://dx.doi.org/10.1007/978-3-662-46706-0_2},
  doi       = {10.1007/978-3-662-46706-0_2},
  timestamp = {Wed, 22 Apr 2015 15:44:57 +0200},
  biburl    = {http://dblp.uni-trier.de/rec/bib/conf/fse/GrossoLSV14},
  bibsource = {dblp computer science bibliography, http://dblp.org}
}


@article{DBLP:journals/iacr/Stoffelen16,
  author    = {Ko Stoffelen},
  title     = {Optimizing S-box Implementations for Several Criteria using {SAT}
               Solvers},
  journal   = {{IACR} Cryptology ePrint Archive},
  volume    = {2016},
  pages     = {198},
  year      = {2016},
  url       = {http://eprint.iacr.org/2016/198},
  timestamp = {Sun, 13 Mar 2016 16:40:55 +0100},
  biburl    = {http://dblp.uni-trier.de/rec/bib/journals/iacr/Stoffelen16},
  bibsource = {dblp computer science bibliography, http://dblp.org}
}


@article{DBLP:journals/joc/BatinaGPRSV11,
  author    = {Lejla Batina and
               Benedikt Gierlichs and
               Emmanuel Prouff and
               Matthieu Rivain and
               Fran{\c{c}}ois{-}Xavier Standaert and
               Nicolas Veyrat{-}Charvillon},
  title     = {Mutual Information Analysis: a Comprehensive Study},
  journal   = {J. Cryptology},
  volume    = {24},
  number    = {2},
  pages     = {269--291},
  year      = {2011},
  url       = {http://dx.doi.org/10.1007/s00145-010-9084-8},
  doi       = {10.1007/s00145-010-9084-8},
  timestamp = {Tue, 24 May 2011 11:14:01 +0200},
  biburl    = {http://dblp.uni-trier.de/rec/bib/journals/joc/BatinaGPRSV11},
  bibsource = {dblp computer science bibliography, http://dblp.org}
}


@inproceedings{DBLP:conf/cardis/WhitnallOM11,
  author    = {Carolyn Whitnall and
               Elisabeth Oswald and
               Luke Mather},
  title     = {An Exploration of the Kolmogorov-Smirnov Test as a Competitor to Mutual Information Analysis},
  booktitle = {Smart Card Research and Advanced Applications - 10th {IFIP} {WG} 8.8/11.2
               International Conference, {CARDIS} 2011, Leuven, Belgium, September
               14-16, 2011, Revised Selected Papers},
  pages     = {234--251},
  year      = {2011},
  crossref  = {DBLP:conf/cardis/2011},
  url       = {http://dx.doi.org/10.1007/978-3-642-27257-8_15},
  doi       = {10.1007/978-3-642-27257-8_15},
  timestamp = {Mon, 12 Dec 2011 12:29:27 +0100},
  biburl    = {http://dblp.uni-trier.de/rec/bib/conf/cardis/WhitnallOM11},
  bibsource = {dblp computer science bibliography, http://dblp.org}
}

@proceedings{DBLP:conf/cardis/2011,
  editor    = {Emmanuel Prouff},
  title     = {Smart Card Research and Advanced Applications - 10th {IFIP} {WG} 8.8/11.2
               International Conference, {CARDIS} 2011, Leuven, Belgium, September
               14-16, 2011, Revised Selected Papers},
  series    = {Lecture Notes in Computer Science},
  volume    = {7079},
  publisher = {Springer},
  year      = {2011},
  url       = {http://dx.doi.org/10.1007/978-3-642-27257-8},
  doi       = {10.1007/978-3-642-27257-8},
  isbn      = {978-3-642-27256-1},
  timestamp = {Mon, 12 Dec 2011 12:14:47 +0100},
  biburl    = {http://dblp.uni-trier.de/rec/bib/conf/cardis/2011},
  bibsource = {dblp computer science bibliography, http://dblp.org}
}

@inproceedings{DBLP:conf/ches/Veyrat-CharvillonS09,
  author    = {Nicolas Veyrat{-}Charvillon and
               Fran{\c{c}}ois{-}Xavier Standaert},
  title     = {Mutual Information Analysis: How, When and Why?},
  booktitle = {Cryptographic Hardware and Embedded Systems - {CHES} 2009, 11th International
               Workshop, Lausanne, Switzerland, September 6-9, 2009, Proceedings},
  pages     = {429--443},
  year      = {2009},
  crossref  = {DBLP:conf/ches/2009},
  url       = {http://dx.doi.org/10.1007/978-3-642-04138-9_30},
  doi       = {10.1007/978-3-642-04138-9_30},
  timestamp = {Mon, 31 Aug 2009 14:45:37 +0200},
  biburl    = {http://dblp.uni-trier.de/rec/bib/conf/ches/Veyrat-CharvillonS09},
  bibsource = {dblp computer science bibliography, http://dblp.org}
}


@inproceedings{DBLP:conf/eurocrypt/StandaertMY09,
  author    = {Fran{\c{c}}ois{-}Xavier Standaert and
               Tal Malkin and
               Moti Yung},
  title     = {A Unified Framework for the Analysis of Side-Channel Key Recovery Attacks},
  booktitle = {Advances in Cryptology - {EUROCRYPT} 2009, 28th Annual International
               Conference on the Theory and Applications of Cryptographic Techniques,
               Cologne, Germany, April 26-30, 2009. Proceedings},
  pages     = {443--461},
  year      = {2009},
  crossref  = {DBLP:conf/eurocrypt/2009},
  url       = {http://dx.doi.org/10.1007/978-3-642-01001-9_26},
  doi       = {10.1007/978-3-642-01001-9_26},
  timestamp = {Thu, 23 Apr 2009 15:09:22 +0200},
  biburl    = {http://dblp.uni-trier.de/rec/bib/conf/eurocrypt/StandaertMY09},
  bibsource = {dblp computer science bibliography, http://dblp.org}
}

@proceedings{DBLP:conf/eurocrypt/2009,
  editor    = {Antoine Joux},
  title     = {Advances in Cryptology - {EUROCRYPT} 2009, 28th Annual International
               Conference on the Theory and Applications of Cryptographic Techniques,
               Cologne, Germany, April 26-30, 2009. Proceedings},
  series    = {Lecture Notes in Computer Science},
  volume    = {5479},
  publisher = {Springer},
  year      = {2009},
  url       = {http://dx.doi.org/10.1007/978-3-642-01001-9},
  doi       = {10.1007/978-3-642-01001-9},
  isbn      = {978-3-642-01000-2},
  timestamp = {Thu, 23 Apr 2009 15:05:49 +0200},
  biburl    = {http://dblp.uni-trier.de/rec/bib/conf/eurocrypt/2009},
  bibsource = {dblp computer science bibliography, http://dblp.org}
}

@inproceedings{DBLP:conf/cardis/BalaschGGRS14,
  author    = {Josep Balasch and
               Benedikt Gierlichs and
               Vincent Grosso and
               Oscar Reparaz and
               Fran{\c{c}}ois{-}Xavier Standaert},
  title     = {On the Cost of Lazy Engineering for Masked Software Implementations},
  booktitle = {Smart Card Research and Advanced Applications - 13th International
               Conference, {CARDIS} 2014, Paris, France, November 5-7, 2014. Revised
               Selected Papers},
  pages     = {64--81},
  year      = {2014},
  crossref  = {DBLP:conf/cardis/2014},
  url       = {http://dx.doi.org/10.1007/978-3-319-16763-3_5},
  doi       = {10.1007/978-3-319-16763-3_5},
  timestamp = {Tue, 21 Jun 2016 18:07:18 +0200},
  biburl    = {http://dblp.uni-trier.de/rec/bib/conf/cardis/BalaschGGRS14},
  bibsource = {dblp computer science bibliography, http://dblp.org}
}

@proceedings{DBLP:conf/cardis/2014,
  editor    = {Marc Joye and
               Amir Moradi},
  title     = {Smart Card Research and Advanced Applications - 13th International
               Conference, {CARDIS} 2014, Paris, France, November 5-7, 2014. Revised
               Selected Papers},
  series    = {Lecture Notes in Computer Science},
  volume    = {8968},
  publisher = {Springer},
  year      = {2015},
  url       = {http://dx.doi.org/10.1007/978-3-319-16763-3},
  doi       = {10.1007/978-3-319-16763-3},
  isbn      = {978-3-319-16762-6},
  timestamp = {Tue, 21 Jun 2016 18:07:18 +0200},
  biburl    = {http://dblp.uni-trier.de/rec/bib/conf/cardis/2014},
  bibsource = {dblp computer science bibliography, http://dblp.org}
}

@inproceedings{meh,
  author    = {Josep Balasch and
               Benedikt Gierlichs and
               Vincent Grosso and
               Oscar Reparaz and
               Fran{\c{c}}ois{-}Xavier Standaert},
  title     = {On the Cost of Lazy Engineering for Masked Software Implementations},
  booktitle = {Smart Card Research and Advanced Applications - 13th International
               Conference, {CARDIS} 2014, Paris, France, November 5-7, 2014. Revised
               Selected Papers},
  pages     = {64--81},
  year      = {2014},
  crossref  = {DBLP:conf/cardis/2014},
  url       = {http://dx.doi.org/10.1007/978-3-319-16763-3_5},
  doi       = {10.1007/978-3-319-16763-3_5},
  timestamp = {Tue, 21 Jun 2016 18:07:18 +0200},
  biburl    = {http://dblp.uni-trier.de/rec/bib/conf/cardis/BalaschGGRS14},
  bibsource = {dblp computer science bibliography, http://dblp.org}
}

@article{DBLP:journals/iacr/DingCE15,
  author    = {A. Adam Ding and
               Cong Chen and
               Thomas Eisenbarth},
  title     = {Simpler, Faster, and More Robust T-test Based Leakage Detection},
  journal   = {{IACR} Cryptology ePrint Archive},
  volume    = {2015},
  pages     = {1215},
  year      = {2015},
  url       = {http://eprint.iacr.org/2015/1215},
  timestamp = {Tue, 12 Jan 2016 10:03:37 +0100},
  biburl    = {http://dblp.uni-trier.de/rec/bib/journals/iacr/DingCE15},
  bibsource = {dblp computer science bibliography, http://dblp.org}
}


@inproceedings{DBLP:conf/ches/SchneiderM15,
  author    = {Tobias Schneider and
               Amir Moradi},
  title     = {Leakage Assessment Methodology - {A} Clear Roadmap for Side-Channel
               Evaluations},
  booktitle = {Cryptographic Hardware and Embedded Systems - {CHES} 2015 - 17th International
               Workshop, Saint-Malo, France, September 13-16, 2015, Proceedings},
  pages     = {495--513},
  year      = {2015},
  crossref  = {DBLP:conf/ches/2015},
  url       = {http://dx.doi.org/10.1007/978-3-662-48324-4_25},
  doi       = {10.1007/978-3-662-48324-4_25},
  timestamp = {Tue, 21 Jun 2016 18:07:18 +0200},
  biburl    = {http://dblp.uni-trier.de/rec/bib/conf/ches/SchneiderM15},
  bibsource = {dblp computer science bibliography, http://dblp.org}
}

@proceedings{DBLP:conf/ches/2015,
  editor    = {Tim G{\"{u}}neysu and
               Helena Handschuh},
  title     = {Cryptographic Hardware and Embedded Systems - {CHES} 2015 - 17th International
               Workshop, Saint-Malo, France, September 13-16, 2015, Proceedings},
  series    = {Lecture Notes in Computer Science},
  volume    = {9293},
  publisher = {Springer},
  year      = {2015},
  url       = {http://dx.doi.org/10.1007/978-3-662-48324-4},
  doi       = {10.1007/978-3-662-48324-4},
  isbn      = {978-3-662-48323-7},
  timestamp = {Wed, 02 Sep 2015 14:12:53 +0200},
  biburl    = {http://dblp.uni-trier.de/rec/bib/conf/ches/2015},
  bibsource = {dblp computer science bibliography, http://dblp.org}
}

@inproceedings{DBLP:conf/ches/BrierCO04,
  author    = {Eric Brier and
               Christophe Clavier and
               Francis Olivier},
  title     = {Correlation Power Analysis with a Leakage Model},
  booktitle = {Cryptographic Hardware and Embedded Systems - {CHES} 2004: 6th International
               Workshop Cambridge, MA, USA, August 11-13, 2004. Proceedings},
  pages     = {16--29},
  year      = {2004},
  crossref  = {DBLP:conf/ches/2004},
  url       = {http://dx.doi.org/10.1007/978-3-540-28632-5_2},
  doi       = {10.1007/978-3-540-28632-5_2},
  timestamp = {Thu, 07 Jul 2011 15:50:13 +0200},
  biburl    = {http://dblp.uni-trier.de/rec/bib/conf/ches/BrierCO04},
  bibsource = {dblp computer science bibliography, http://dblp.org}
}

@proceedings{DBLP:conf/ches/2004,
  editor    = {Marc Joye and
               Jean{-}Jacques Quisquater},
  title     = {Cryptographic Hardware and Embedded Systems - {CHES} 2004: 6th International
               Workshop Cambridge, MA, USA, August 11-13, 2004. Proceedings},
  series    = {Lecture Notes in Computer Science},
  volume    = {3156},
  publisher = {Springer},
  year      = {2004},
  isbn      = {3-540-22666-4},
  timestamp = {Mon, 12 Jul 2004 09:33:11 +0200},
  biburl    = {http://dblp.uni-trier.de/rec/bib/conf/ches/2004},
  bibsource = {dblp computer science bibliography, http://dblp.org}
}

@inproceedings{DBLP:conf/cosade/CoronGPRRV12,
  author    = {Jean{-}S{\'{e}}bastien Coron and
               Christophe Giraud and
               Emmanuel Prouff and
               Soline Renner and
               Matthieu Rivain and
               Praveen Kumar Vadnala},
  title     = {Conversion of Security Proofs from One Leakage Model to Another: {A}
               New Issue},
  booktitle = {Constructive Side-Channel Analysis and Secure Design - Third International
               Workshop, {COSADE} 2012, Darmstadt, Germany, May 3-4, 2012. Proceedings},
  pages     = {69--81},
  year      = {2012},
  crossref  = {DBLP:conf/cosade/2012},
  url       = {http://dx.doi.org/10.1007/978-3-642-29912-4_6},
  doi       = {10.1007/978-3-642-29912-4_6},
  timestamp = {Tue, 08 May 2012 20:51:03 +0200},
  biburl    = {http://dblp.uni-trier.de/rec/bib/conf/cosade/CoronGPRRV12},
  bibsource = {dblp computer science bibliography, http://dblp.org}
}

@proceedings{DBLP:conf/cosade/2012,
  editor    = {Werner Schindler and
               Sorin A. Huss},
  title     = {Constructive Side-Channel Analysis and Secure Design - Third International
               Workshop, {COSADE} 2012, Darmstadt, Germany, May 3-4, 2012. Proceedings},
  series    = {Lecture Notes in Computer Science},
  volume    = {7275},
  publisher = {Springer},
  year      = {2012},
  url       = {http://dx.doi.org/10.1007/978-3-642-29912-4},
  doi       = {10.1007/978-3-642-29912-4},
  isbn      = {978-3-642-29911-7},
  timestamp = {Tue, 08 May 2012 20:49:29 +0200},
  biburl    = {http://dblp.uni-trier.de/rec/bib/conf/cosade/2012},
  bibsource = {dblp computer science bibliography, http://dblp.org}
}

@inproceedings{DBLP:conf/cosade/DurvauxSVMD15,
  author    = {Fran{\c{c}}ois Durvaux and
               Fran{\c{c}}ois{-}Xavier Standaert and
               Nicolas Veyrat{-}Charvillon and
               Jean{-}Baptiste Mairy and
               Yves Deville},
  title     = {Efficient Selection of Time Samples for Higher-Order {DPA} with Projection
               Pursuits},
  booktitle = {Constructive Side-Channel Analysis and Secure Design - 6th International
               Workshop, {COSADE} 2015, Berlin, Germany, April 13-14, 2015. Revised
               Selected Papers},
  pages     = {34--50},
  year      = {2015},
  crossref  = {DBLP:conf/cosade/2015},
  url       = {http://dx.doi.org/10.1007/978-3-319-21476-4_3},
  doi       = {10.1007/978-3-319-21476-4_3},
  timestamp = {Mon, 20 Jul 2015 10:54:45 +0200},
  biburl    = {http://dblp.uni-trier.de/rec/bib/conf/cosade/DurvauxSVMD15},
  bibsource = {dblp computer science bibliography, http://dblp.org}
}

@inproceedings{DBLP:conf/ctrsa/OswaldMHT06,
  author    = {Elisabeth Oswald and
               Stefan Mangard and
               Christoph Herbst and
               Stefan Tillich},
  title     = {Practical Second-Order {DPA} Attacks for Masked Smart Card Implementations
               of Block Ciphers},
  booktitle = {Topics in Cryptology - {CT-RSA} 2006, The Cryptographers' Track at
               the {RSA} Conference 2006, San Jose, CA, USA, February 13-17, 2006,
               Proceedings},
  pages     = {192--207},
  year      = {2006},
  crossref  = {DBLP:conf/ctrsa/2006},
  url       = {http://dx.doi.org/10.1007/11605805_13},
  doi       = {10.1007/11605805_13},
  timestamp = {Thu, 29 Dec 2005 14:50:09 +0100},
  biburl    = {http://dblp.uni-trier.de/rec/bib/conf/ctrsa/OswaldMHT06},
  bibsource = {dblp computer science bibliography, http://dblp.org}
}


@book{Larsen:1456977,
      author        = "Larsen, Richard J and Marx, Morris L",
      title         = "{An introduction to mathematical statistics and its
                       applications; 5th ed.}",
      publisher     = "Prentice Hall",
      address       = "Boston, MA",
      year          = "2012",
      url           = "https://cds.cern.ch/record/1456977",

}

@misc{noteonsca,
      author        = "Keccak team",
      title         = "{Note on side-channel attacks and their countermeasures}",
      url           = "http://keccak.noekeon.org/NoteSideChannelAttacks.pdf",
}


@inproceedings{DBLP:conf/ches/BalaschGRV15,
  author    = {Josep Balasch and
               Benedikt Gierlichs and
               Oscar Reparaz and
               Ingrid Verbauwhede},
  title     = {DPA, Bitslicing and Masking at 1 GHz},
  booktitle = {Cryptographic Hardware and Embedded Systems - {CHES} 2015 - 17th International
               Workshop, Saint-Malo, France, September 13-16, 2015, Proceedings},
  pages     = {599--619},
  year      = {2015},
  crossref  = {DBLP:conf/ches/2015},
  url       = {http://dx.doi.org/10.1007/978-3-662-48324-4_30},
  doi       = {10.1007/978-3-662-48324-4_30},
  timestamp = {Wed, 02 Sep 2015 14:13:31 +0200},
  biburl    = {http://dblp.uni-trier.de/rec/bib/conf/ches/BalaschGRV15},
  bibsource = {dblp computer science bibliography, http://dblp.org}
}


@article{DBLP:journals/iacr/BottinelliB15,
  author    = {Paul Bottinelli and
               Joppe W. Bos},
  title     = {Computational Aspects of Correlation Power Analysis},
  journal   = {{IACR} Cryptology ePrint Archive},
  volume    = {2015},
  pages     = {260},
  year      = {2015},
  url       = {http://eprint.iacr.org/2015/260},
  timestamp = {Fri, 24 Apr 2015 15:44:41 +0200},
  biburl    = {http://dblp.uni-trier.de/rec/bib/journals/iacr/BottinelliB15},
  bibsource = {dblp computer science bibliography, http://dblp.org}
}

% simulators & tools

@inproceedings{DBLP:conf/acsac/Veshchikov14,
  author    = {Nikita Veshchikov},
  title     = {{SILK:} high level of abstraction leakage simulator for side channel
               analysis},
  booktitle = {Proceedings of the 4th Program Protection and Reverse Engineering
               Workshop, PPREW@ACSAC 2014, New Orleans, LA, USA, December 9, 2014},
  pages     = {3:1--3:11},
  year      = {2014},
  crossref  = {DBLP:conf/acsac/2014pprew},
  url       = {http://doi.acm.org/10.1145/2689702.2689706},
  doi       = {10.1145/2689702.2689706},
  timestamp = {Wed, 30 Mar 2016 17:56:15 +0200},
  biburl    = {http://dblp.uni-trier.de/rec/bib/conf/acsac/Veshchikov14},
  bibsource = {dblp computer science bibliography, http://dblp.org}
}

@proceedings{DBLP:conf/acsac/2014pprew,
  editor    = {Mila Dalla Preda and
               Jeffrey Todd McDonald},
  title     = {Proceedings of the 4th Program Protection and Reverse Engineering
               Workshop, PPREW@ACSAC 2014, New Orleans, LA, USA, December 9, 2014},
  publisher = {{ACM}},
  year      = {2014},
  url       = {http://dl.acm.org/citation.cfm?id=2689702},
  isbn      = {978-1-60558-637-3},
  timestamp = {Wed, 30 Mar 2016 17:56:15 +0200},
  biburl    = {http://dblp.uni-trier.de/rec/bib/conf/acsac/2014pprew},
  bibsource = {dblp computer science bibliography, http://dblp.org}
}

% formal proof tool
@inproceedings{DBLP:conf/eurocrypt/BartheBDFGS15,
  author    = {Gilles Barthe and
               Sonia Bela{\"{\i}}d and
               Fran{\c{c}}ois Dupressoir and
               Pierre{-}Alain Fouque and
               Benjamin Gr{\'{e}}goire and
               Pierre{-}Yves Strub},
  title     = {Verified Proofs of Higher-Order Masking},
  booktitle = {Advances in Cryptology - {EUROCRYPT} 2015 - 34th Annual International
               Conference on the Theory and Applications of Cryptographic Techniques,
               Sofia, Bulgaria, April 26-30, 2015, Proceedings, Part {I}},
  pages     = {457--485},
  year      = {2015},
  crossref  = {DBLP:conf/eurocrypt/2015-1},
  url       = {http://dx.doi.org/10.1007/978-3-662-46800-5_18},
  doi       = {10.1007/978-3-662-46800-5_18},
  timestamp = {Tue, 14 Apr 2015 13:51:12 +0200},
  biburl    = {http://dblp.uni-trier.de/rec/bib/conf/eurocrypt/BartheBDFGS15},
  bibsource = {dblp computer science bibliography, http://dblp.org}
}

@proceedings{DBLP:conf/eurocrypt/2015-1,
  editor    = {Elisabeth Oswald and
               Marc Fischlin},
  title     = {Advances in Cryptology - {EUROCRYPT} 2015 - 34th Annual International
               Conference on the Theory and Applications of Cryptographic Techniques,
               Sofia, Bulgaria, April 26-30, 2015, Proceedings, Part {I}},
  series    = {Lecture Notes in Computer Science},
  volume    = {9056},
  publisher = {Springer},
  year      = {2015},
  url       = {http://dx.doi.org/10.1007/978-3-662-46800-5},
  doi       = {10.1007/978-3-662-46800-5},
  isbn      = {978-3-662-46799-2},
  timestamp = {Tue, 14 Apr 2015 13:48:42 +0200},
  biburl    = {http://dblp.uni-trier.de/rec/bib/conf/eurocrypt/2015-1},
  bibsource = {dblp computer science bibliography, http://dblp.org}
}


% check masking
@inproceedings{DBLP:conf/fse/Reparaz16,
  author    = {Oscar Reparaz},
  title     = {Detecting Flawed Masking Schemes with Leakage Detection Tests},
  booktitle = {Fast Software Encryption - 23rd International Conference, {FSE} 2016,
               Bochum, Germany, March 20-23, 2016, Revised Selected Papers},
  pages     = {204--222},
  year      = {2016},
  crossref  = {DBLP:conf/fse/2016},
  url       = {http://dx.doi.org/10.1007/978-3-662-52993-5_11},
  doi       = {10.1007/978-3-662-52993-5_11},
  timestamp = {Wed, 27 Jul 2016 12:57:58 +0200},
  biburl    = {http://dblp.uni-trier.de/rec/bib/conf/fse/Reparaz16},
  bibsource = {dblp computer science bibliography, http://dblp.org}
}

@proceedings{DBLP:conf/fse/2016,
  editor    = {Thomas Peyrin},
  title     = {Fast Software Encryption - 23rd International Conference, {FSE} 2016,
               Bochum, Germany, March 20-23, 2016, Revised Selected Papers},
  series    = {Lecture Notes in Computer Science},
  volume    = {9783},
  publisher = {Springer},
  year      = {2016},
  url       = {http://dx.doi.org/10.1007/978-3-662-52993-5},
  doi       = {10.1007/978-3-662-52993-5},
  isbn      = {978-3-662-52992-8},
  timestamp = {Wed, 27 Jul 2016 12:57:30 +0200},
  biburl    = {http://dblp.uni-trier.de/rec/bib/conf/fse/2016},
  bibsource = {dblp computer science bibliography, http://dblp.org}
}


